@Book{eric05,
    author = {Christer Ericson},
    title = {Real-Time Collision Detection},
    publisher = {Morgan Kaufmann},
    year = 	 {2005}
}

@Book{greg09,
    author = {Jason Gregory},
    title = {Game Engine Architecture},
    publisher = {A K Peters Ltd.},
    year = 	 {2009}
}

@Book{mill09,
    author = {Ian Millington and John Funge},
    title = {Artificial Intelligence for Games},
    publisher = {Morgan Kaufmann},
    year = 	 {2009}
}

@Book{gamm94,
    author = {Erich Gamma},
    title = {Design Patterns: Elements of Reusable Object-Oriented Software},
    publisher = {Addison-Wesley},
    year = 	 {1994}
}

@Book{larm02,
    author = {Craig Larman},
    title = {Applying UML and patterns},
    publisher = {Prentice Hall PTR},
    year = 	 {2002}
}

@Book{meye08,
    author = {Scott Meyers},
    title = {Effective STL},
    publisher = {Pearson Education, Inc.},
    year = 	 {2008}
}

@Book{hess07,
    author = {Roland Hess},
    title = {The Essential Blender: Guide to 3D creation with the Open Source Suite Blender},
    publisher = {The Blender Foundation},
    year = 	 {2007}
}

@MISC{website:cc,
      AUTHOR = "Catherine Casserly",
      title = "{Creative Commons License}",
      HOWPUBLISHED = "\url{http://creativecommons.org}"
}

@MISC{website:member-pointers,
      AUTHOR = "Marshal Cline",
      title = "{Pointers to member functions}",
      HOWPUBLISHED = "\url{http://www.parashift.com/c++-faq-lite/pointers-to-members.html}"
}

@MISC{website:latex-wikibooks,
      AUTHOR = "Wikibooks",
      title = "{The Book of LaTeX}",
      HOWPUBLISHED = "\url{http://en.wikibooks.org/wiki/LaTeX}"
}

